<record><leader>00000cas a2200000 i 4500</leader><controlfield tag="001">1007726071</controlfield><controlfield tag="006">m     o  d        </controlfield><controlfield tag="007">cr |||||||||||</controlfield><controlfield tag="008">171026c18909999msuwr neo     0   a0eng  </controlfield><datafield ind1=" " ind2=" " tag="010"><subfield code="a">  2017218882</subfield></datafield><datafield ind1=" " ind2=" " tag="040"><subfield code="a">DLC</subfield><subfield code="b">eng</subfield><subfield code="e">rda</subfield><subfield code="c">DLC</subfield><subfield code="d">DLC</subfield></datafield><datafield ind1="0" ind2=" " tag="022"><subfield code="a">2575-7512</subfield><subfield code="2">1</subfield></datafield><datafield ind1=" " ind2=" " tag="042"><subfield code="a">pcc</subfield><subfield code="a">nsdp</subfield></datafield><datafield ind1=" " ind2=" " tag="043"><subfield code="a">n-us-ms</subfield></datafield><datafield ind1="1" ind2="0" tag="050"><subfield code="a">ISSN RECORD</subfield></datafield><datafield ind1="1" ind2="0" tag="082"><subfield code="a">071</subfield><subfield code="2">23</subfield></datafield><datafield ind1="0" ind2=" " tag="130"><subfield code="a">Port Gibson reveille (Port Gibson, Miss.: 1890)</subfield></datafield><datafield ind1=" " ind2="4" tag="222"><subfield code="a">The Port Gibson reveille</subfield><subfield code="b">(Port Gibson, Miss. 1890. Online)</subfield></datafield><datafield ind1="1" ind2="4" tag="245"><subfield code="a">The Port Gibson reveille.</subfield></datafield><datafield ind1=" " ind2="1" tag="264"><subfield code="a">Port Gibson, Mississippi :</subfield><subfield code="b">A. C. Wharton,</subfield><subfield code="c">1890-</subfield></datafield><datafield ind1=" " ind2=" " tag="300"><subfield code="a">1 online resource</subfield></datafield><datafield ind1=" " ind2=" " tag="310"><subfield code="a">Weekly</subfield></datafield><datafield ind1=" " ind2=" " tag="336"><subfield code="a">text</subfield><subfield code="b">txt</subfield><subfield code="2">rdacontent</subfield></datafield><datafield ind1=" " ind2=" " tag="337"><subfield code="a">computer</subfield><subfield code="b">c</subfield><subfield code="2">rdamedia</subfield></datafield><datafield ind1=" " ind2=" " tag="338"><subfield code="a">online resource</subfield><subfield code="b">cr</subfield><subfield code="2">rdacarrier</subfield></datafield><datafield ind1="1" ind2=" " tag="362"><subfield code="a">Began with vol. XV, new series, number 10 (June 6, 1890).</subfield></datafield><datafield ind1=" " ind2=" " tag="500"><subfield code="a">Publishers: H. H. Crisler &amp; H. H. Crisler, Jr., &lt;January 5-December 28, 1922&gt;.</subfield></datafield><datafield ind1=" " ind2=" " tag="588"><subfield code="a">Description based on: Vol. XV, new series, number 10 (June 6, 1890); title from masthead (Chroniclingamerica.loc.gov, viewed October 26, 2017).</subfield></datafield><datafield ind1=" " ind2=" " tag="588"><subfield code="a">Latest issue consulted: New series, vol. XLVI, no. 43 (December 28, 1922) (Chroniclingamerica.loc.gov, viewed October 26, 2017).</subfield></datafield><datafield ind1=" " ind2="0" tag="651"><subfield code="a">Port Gibson (Miss.)</subfield><subfield code="v">Newspapers.</subfield></datafield><datafield ind1=" " ind2=" " tag="752"><subfield code="a">United States</subfield><subfield code="b">Mississippi</subfield><subfield code="c">Claiborne</subfield><subfield code="d">Port Gibson.</subfield></datafield><datafield ind1="0" ind2="8" tag="776"><subfield code="i">Originally issued in print:</subfield><subfield code="t">Port Gibson reveille (Port Gibson, Miss.: 1890)</subfield><subfield code="x">2575-7504</subfield><subfield code="w">(DLC)sn 86090233</subfield><subfield code="w">(OCoLC)14874994</subfield></datafield><datafield ind1="0" ind2="0" tag="780"><subfield code="t">Southern reveille (Port Gibson, Miss. : 1876)</subfield><subfield code="x">2575-7415</subfield><subfield code="w">(DLC)  2017218881</subfield><subfield code="w">(OCoLC)1007529563</subfield></datafield><datafield ind1="4" ind2="0" tag="856"><subfield code="u">http://www.loc.gov/chroniclingamerica/lccn/sn86090233/issues</subfield></datafield></record>